2175 3775
329 429 581 493 trunitanus.
836 444 885 516 ¹99

47 648 146 722 Perge
168 650 268 718 raad05
287 663 313 705 rt
331 655 400 707 refer
417 598 557 706 illis9hrce
578 669 636 705 mea
655 651 727 706 dicta
738 672 784 727 per
798 672 894 709 aureas

21 724 30 755 ⁵
94 722 191 791 Belli,
210 729 282 796 queis
300 727 359 790 faa,
381 720 436 788 iam
457 726 489 776 rit
509 743 571 777 cura
591 727 741 792 gerentibus
760 744 851 795 arrae,

94 801 269 853 Conturbare
290 815 338 849 nee
358 802 448 851 ausint
466 797 556 864 Regna
575 797 692 848 fruentia
713 799 793 866 sole,
847 806 853 811 '

21 868 24 900 ²
96 867 157 925 Nec
175 887 255 939 puras
275 887 331 921 oras
352 872 457 934 genitae
477 867 510 919 de
529 876 607 919 nocte
624 885 728 922 sorores

96 942 205 996 Lethali
223 952 297 1007 peste
317 940 462 996 inliciant:
484 939 648 993 Acherontis
667 941 700 990 ad
720 942 802 995 undas

95 1017 159 1066 Jarn
179 1014 311 1074 redeant,
332 1015 524 1078 tenebrosaque
546 1013 604 1063 luce
624 1014 744 1065 carentia
766 1032 844 1083 regna
856 1039 865 1083 3

96 1085 162 1137 Illic
182 1101 232 1148 se,
258 1083 413 1149 Stygiasque
433 1085 537 1135 umbras
557 1096 637 1135 toturn
655 1083 716 1151 igne
735 1104 896 1154 peractum

21 1162 24 1189 r
95 1155 268 1210 Excrucieut.
285 1155 415 1206 Placitum
434 1155 484 1276 εἰοδ,
503 1157 688 1222 immotumque
701 1159 828 1216 mauebit.

479 1240 496 1275 u

52 1292 196 1362 Dixerat,
217 1309 245 1351 et
261 1307 343 1349 totum
359 1306 423 1349 nutu
442 1297 592 1349 tremefecit
610 1296 768 1365 olympume

99 1369 222 1425 Procidrt
240 1369 373 1436 Aligerum
397 1370 519 1436 Princeps
537 1410 544 1434 ,
562 1381 588 1421 et
606 1386 702 1420 numen
723 1372 828 1428 adurat.

21 1446 26 1477 't
101 1441 172 1496 Aera
191 1459 237 1511 per
256 1454 367 1493 vacuum
388 1453 491 1492 auratas
510 1459 571 1493 mox
591 1441 709 1508 explicat
727 1443 801 1508 alas,

21 1518 24 1547 ='
101 1512 190 1582 Ocyor
211 1520 238 1566 et
259 1513 349 1578 jaculo
368 1513 442 1566 volat
460 1513 505 1562 ille
523 1531 571 1583 per
590 1513 699 1564 aethera
718 1516 837 1583 pennise

101 1587 205 1648 Lucia,
224 1592 252 1636 et
272 1586 341 1651 ignia
360 1622 367 1646 ‚
388 1583 435 1634 ubi
455 1587 541 1651 superi
562 1586 688 1637 coelestia
710 1597 779 1638 tecta

103 1657 146 1708 Ex
165 1658 305 1709 adamante
324 1668 435 1721 tenent,
455 1672 547 1709 vastos
565 1657 746 1722 praetervolat
764 1658 863 1723 orbes}

103 1728 199 1781 Poetae
218 1721 336 1794 crystalll
356 1727 536 1794 splendentem
557 1721 665 1787 trajicit
684 1745 785 1794 axem,

103 1797 296 1868 Aenarumque
315 1799 430 1869 polam,
450 1801 485 1921 ὴὲ
497 1799 587 1865 plures
607 1800 653 1866 qui
673 1800 790 1856 volvitur
808 1802 897 1856 orbes.
936 1841 943 1849 .

492 1884 500 1919 t

71 1940 290 2010 daturumque,
309 1939 455 2010 lovemque
476 1939 552 1996 videt
573 1940 735 1995 convolvere
756 1943 854 2003 cursual

109 2016 216 2068 Litture
235 2015 268 2065 ab
289 2015 398 2065 occiduo
417 2014 450 2066 ad
468 2016 528 2066 loca
543 2050 552 2077 ‚
566 2014 611 2063 sol
631 2013 676 2064 ubi
697 2014 778 2083 surgit
797 2017 875 2079 Eoo}

109 2085 228 2155 Insuper,
239 2095 267 2136 et
281 2086 404 2148 comites,
416 2087 510 2153 quibus
523 2084 593 2135 haud
608 2085 687 2137 datur
695 2103 752 2140 esse
764 2099 903 2155 vagantur

109 2158 228 2225 Namque
246 2155 296 2206 Del
315 2157 387 2218 jussu
407 2158 535 2226 Angelica
556 2158 656 2211 virture
675 2166 842 2224 moventur)

112 2230 235 2283 AEternae
255 2227 320 2278 lueis
339 2246 469 2296 campos,
491 2229 616 2293 sedesque
636 2229 787 2296 relinquent

110 2300 155 2352 Ad·
171 2300 230 2351 loca
247 2297 377 2364 devenit,
398 2300 465 2351 fiunt
484 2301 528 2351 ubi
548 2300 672 2367 fulgura,
691 2312 717 2351 et
736 2302 860 2368 imbus,

110 2372 209 2436 Resque
228 2370 273 2421 ubi
292 2379 403 2421 naturae
422 2383 526 2422 aeterna
547 2388 574 2421 se
593 2372 649 2436 lege
669 2382 837 2440 propagant,

112 2442 270 2510 Mutatisque
291 2442 366 2495 orbis
383 2445 568 2563 moritubrque,
588 2441 707 2508 reditque
726 2443 829 2511 liguria.

493 2529 508 2563 u

82 2583 189 2639 Siderea
207 2587 277 2639 eueli
293 2585 421 2653 Princeps
440 2586 571 2637 demissus·
590 2584 623 2635 ab
643 2599 703 2638 arce

115 2655 231 2709 Pellebat
250 2659 361 2712 veniens
381 2657 432 2710 alis
452 2655 576 2723 caliginis
597 2655 727 2709 umbras:
750 2670 754 2676 ·

115 2726 238 2794 Undique
256 2747 308 2783 nox
329 2730 402 2781 vultu
421 2729 532 2780 nimium
554 2729 675 2779 radiante
695 2727 820 2793 nitebat,

115 2797 266 2853 Nouercae
287 2819 318 2854 ac
337 2800 459 2851 humidae
476 2797 591 2868 diruptis
610 2799 739 2853 imbribus
760 2816 838 2853 auree

116 2870 178 2935 lgna
197 2888 365 2941 repercussae
384 2872 532 2924 scintillant
550 2869 651 2923 lumine
669 2872 772 2925 Phoebi
791 2907 801 2937 ,

117 2939 151 2991 Er
169 2944 250 2995 rubeo
268 2955 391 3013 spargunt
409 2945 535 3008 coelum,
555 2943 682 3011 varioque
704 2944 806 2995 colore.

115 3005 212 3063 Nubila
231 3015 269 3067 sic
290 3027 395 3068 tranans
415 3015 516 3068 aestivo
534 3025 654 3080 tempore
674 3014 747 3066 eidus

116 3082 197 3154 saepe
214 3086 282 3142 tutet
299 3081 355 3140 labi
371 3081 478 3141 flamma
496 3086 627 3140 radiante
645 3101 695 3157 per
712 3083 837 3148 umbrat,

21 1010 29 1045 ,l
