2175 3775
177 343 339 482 bodolus
361 415 515 503 pedibus,
541 418 649 482 neseio
674 427 745 502 qno'
761 416 824 480 lato
845 415 877 477 in
892 436 966 484 ma.

174 524 232 563 nus
253 507 396 583 pervenit
420 499 546 562 illorum
565 519 755 583 parentum,
777 518 808 562 et
829 501 963 582 placuit.

172 584 243 646 Non
265 584 412 659 defuere,
444 587 498 666 qui
521 604 588 643 eam
612 585 679 647 aliis
708 594 965 669 praeceptoribus

172 668 322 752 obsequio
344 669 442 749 dignis
463 667 627 749 legendam
644 669 766 731 dedere.
791 668 965 737 Incredibi-

80 821 91 840 ,
169 748 201 816 le
217 752 331 826 dictu,
352 765 440 833 ¹quot
461 771 587 833 preces,
618 768 696 835 quot
723 752 881 834 postulata
907 779 965 819 nc.

172 837 332 916 ceperim,
364 848 400 893 ut
427 834 613 915 quaefacta
641 835 763 897 fuerant
794 841 960 917 carmina,
1050 885 1052 888 ψ

174 920 297 986 etiamsi
316 913 492 996 indigesta,
516 922 604 1001 typis
626 917 732 979 darem
755 917 794 976 ad
815 922 963 1002 juventae

167 999 349 1074 utilitatem.
373 999 500 1060 Diutius
522 1024 618 1084 quam
639 1023 697 1083 par
718 1013 762 1061 est
791 1002 959 1084 reluctari,

167 1079 235 1141 'ure
257 1085 430 1165 meritoque
452 1098 592 1144 metuens
607 1085 742 1144 ludibria
758 1083 961 1166 Reipublicae

164 1102 356 1241 literarum,
389 1169 607 1228 existimabam
640 1170 720 1228 enim
748 1166 835 1227 nullo
866 1173 959 1233 modo

165 1245 217 1309 ine
233 1252 414 1309 temeritatis
429 1265 535 1311 notam
552 1251 804 1333 effugereposse,
822 1252 874 1313 sed
889 1268 960 1315 tan·

164 1330 234 1398 dem
259 1337 455 1414 acquiescere
477 1333 642 1417 postulatis
665 1355 740 1415 opus
761 1332 846 1408 fuit,
869 1359 958 1418 uani-

164 1436 227 1496 que
250 1413 288 1472 ad
312 1418 483 1474 amicorum
504 1438 610 1500 preces
637 1418 765 1476 accessit
788 1426 955 1500 auctoritas

160 1500 419 1581 praestantissimi
442 1503 502 1561 viri
525 1502 641 1580 pietate
662 1500 807 1580 insignis,
833 1506 884 1562 eui
906 1527 955 1565 re-

158 1581 267 1644 sistere
282 1581 367 1640 nesus
389 1598 455 1661 erat
471 1604 478 1643 ε
504 1582 614 1664 Itaque
637 1581 816 1666 quaefacta
832 1582 956 1649 suerunt

160 1665 195 1723 in
230 1684 326 1723 unum
361 1668 525 1748 congessi,
554 1665 792 1750 quaedeerant
820 1666 956 1748 addidi,
1024 1722 1027 1727 .

156 1767 302 1829 opusque
324 1749 454 1808 confeci.
898 1751 903 1760 “

201 1828 301 1912 Longi
324 1828 437 1892 laboris
459 1829 587 1892 tandem
600 1847 744 1915 pertaeso
758 1853 816 1894 nec
835 1848 956 1919 tempus

156 1932 262 1994 neque
284 1913 427 1975 voluntas
449 1914 527 1973 mibi
553 1915 612 1976 luit
635 1919 749 1976 iterum
770 1917 953 2001 perlegere,

158 2014 240 2076 quae
262 2000 378 2077 scripta
400 1993 551 2076 fuerant,
573 1999 630 2058 sub
651 1998 806 2081 judicium
829 2001 954 2083 singule

133 2077 254 2143 ¹rerba
278 2101 413 2154 vocare,
437 2078 536 2140 doctis
563 2102 599 2140 ue
620 2082 724 2142 'lituris
748 2096 848 2142 errata
870 2084 955 2145 dele·

156 2179 201 2221 rc.
228 2162 275 2222 Sit
303 2163 382 2236 tibi,
415 2167 513 2224 amice
539 2103 671 2241 doctor,
704 2167 743 2225 sit
771 2165 827 2224 tibi
860 2187 952 2230 curae

155 2264 274 2304 errores
295 2266 489 2326 expungere,
508 2250 567 2329 qui
584 2246 662 2309 sorte
676 2247 734 2308 sub
750 2252 886 2309 currenti
899 2272 953 2312 ca·

155 2323 241 2388 lamo
264 2330 465 2411 irrepserint,
487 2343 520 2391 et
543 2351 624 2411 quae
645 2330 697 2393 vel
717 2330 819 2391 minus
849 2347 948 2417 apta,

155 2409 211 2472 vel
230 2413 330 2471 miuus
353 2410 462 2473 idonea
483 2413 528 2472 'ibi
551 2416 705 2475 inveneris
747 2427 802 2473 tua
829 2418 950 2497 sagaci·

132 2534 136 2538 ‚
154 2506 222 2553 tate
244 2516 385 2577 purgare.
413 2496 519 2556 Sidera
535 2509 649 2570 testor,
674 2494 758 2578 quod
772 2495 875 2557 nullos
888 2499 949 2561 hae

155 2574 193 2634 dc
216 2598 248 2636 ro
270 2594 413 2658 questus,
436 2600 492 2638 nec
503 2582 607 2638 tristia
617 2581 713 2641 rerba
728 2581 784 2640 sim
796 2579 948 2656 facturus,

152 2678 289 2742 namque
310 2664 388 2720 mibi
410 2662 589 2743 longaevo,
612 2676 661 2721 tot
683 2663 753 2723 satis
775 2676 870 2738 acto,
895 2667 947 2725 cui

152 2740 197 2800 nil
208 2760 344 2826 superest
358 2748 416 2804 nis'i
432 2740 661 2827 Sepulchrum,
674 2745 780 2803 nullus
789 2759 834 2804 est
849 2767 950 2829 quae·

151 2824 240 2885 rendi
263 2829 394 2887 nominis
417 2826 532 2900 ardor,
557 2847 614 2886 nce
636 2847 672 2885 ea
692 2831 740 2887 vis
762 2831 884 2902 animo,
908 2844 944 2891 ut

152 2929 243 2989 aegre
283 2908 379 2968 seram
411 2930 564 2969 censuras.
602 2911 779 2971 blernineris
823 2924 943 2974 tantum

151 2991 268 3066 velim,
296 3014 375 3133 [puae
398 2992 436 3052 ad
462 3007 582 3052 tanturn
613 2993 836 3054 elaborandum
868 3015 945 3077 opus

149 3091 217 3135 mea
242 3097 299 3149 eor
322 3096 338 3136 a
360 3090 552 3159 moverunt,
577 3080 653 3142 etsi
677 3076 831 3161 quidest,
857 3076 942 3159 quod
