2175 3775
95 482 359 616 ‚aurea
405 419 687 578 aaaron
771 419 793 476 ⁸

44 788 170 957 Quum
188 859 363 925 admirabili
384 863 520 946 quadam
542 863 602 926 Dei
615 859 817 947 providentii

44 942 150 1008 laetum
168 962 264 1024 esset,
287 963 323 1008 ut
345 953 486 1033 quinque
502 964 533 1010 et
553 950 713 1030 sexaginta
727 962 818 1006 natur

44 1045 126 1089 annos
147 1028 183 1089 ab
203 1037 285 1092 omni
301 1031 426 1114 prorsus
441 1035 567 1113 negotio
582 1031 732 1091 immunis
745 1051 820 1090 eva·

44 1116 154 1187 iissem,
176 1136 215 1175 ne
234 1112 449 1198 reipublicae,
471 1117 562 1199 cujus
577 1136 634 1197 ego
648 1134 721 1197 pars
734 1127 823 1176 eram'

44 1198 156 1274 penitus
177 1198 298 1258 inutilis
320 1221 439 1275 essem,
462 1196 709 1260 adolescentulos
731 1213 822 1277 apa·

44 1278 195 1353 rentibus,
216 1280 333 1363 quibus
356 1305 410 1363 ego
431 1280 667 1343 familiarissime
689 1279 822 1358 utebar,

44 1361 113 1419 mihi
134 1379 241 1443 sponte
262 1363 384 1427 oblatos
406 1368 437 1423 in
458 1367 653 1438 seientiarum
691 1361 825 1423 alaestra

48 1446 239 1508 nstituendos
253 1452 375 1533 excepi.
396 1447 450 1507 Nil
465 1448 610 1532 equidem
627 1381 757 1519 utilius,
778 1441 827 1504 nii

44 1527 190 1589 salubrius
208 1532 386 1597 existimavi
410 1532 448 1592 ad
477 1529 682 1594 excolendam
709 1527 829 1613 pubem

44 1631 64 1668 n
85 1610 266 1692 elegantia,
300 1636 338 1678 ac
360 1630 523 1678 venustate
553 1612 700 1688 (licendi,
730 1628 829 1696 quam

44 1694 98 1773 »jus
121 1696 163 1755 ob
185 1695 293 1758 oeulos
314 1721 428 1783 ponere
442 1700 551 1764 divina
567 1693 767 1782 eloquentia,
791 1713 829 1754 ac

44 1791 200 1839 'enustate
229 1780 424 1843 elaboratum
450 1799 561 1865 poema
592 1798 610 1843 a
639 1781 827 1862 Torquato,

44 1864 82 1920 tui
106 1860 245 1926 titulus:
271 1862 322 1925 Lu
345 1866 577 1929 Gerusalemme
598 1864 754 1933 liberata,
779 1861 830 1920 cui

44 1944 77 2007 til
99 1965 162 2025 par
191 1959 222 2005 et
254 1948 415 2028 majestate
443 1934 591 2022 dicendi,
621 1961 653 2007 et
681 1943 830 2004 facilitate

44 2048 139 2087 erum
172 2025 351 2091 difficilium
381 2053 419 2093 ex
444 2029 667 2104 licandarum‚
699 2022 833 2090 inveniri

44 2131 180 2192 inquam
203 2112 329 2193 poterit.
354 2050 500 2176 stuilosa
521 2114 670 2196 juventus
716 2108 832 2172 notidie
860 2168 862 2173 ,

44 2194 80 2250 ›is
104 2211 246 2275 quatuor
270 2192 402 2280 versus(
422 2197 496 2258 illos
512 2133 751 2269 tantummoiQ
775 2194 833 2276 qui

44 2290 128 2334 erant
151 2283 238 2338 omni
260 2278 331 2342 labe
351 2278 503 2366 purgati)
525 2283 691 2342 memoriae
704 2276 835 2338 traditos

45 2362 194 2436 ecitare,
219 2362 403 2447 eosdemque
424 2365 554 2445 majori,
579 2360 684 2446 quoad
699 2360 765 2422 lieri
779 2380 838 2442 po·
878 2419 886 2432 ,
965 2362 967 2369 ’

44 2457 151 2521 erat,
175 2442 328 2527 elegantia
351 2469 389 2510 ex
411 2445 519 2509 italico
542 2446 691 2507 idiomate
712 2446 742 2503 in
763 2443 840 2505 lati·

44 2546 117 2584 rum
131 2533 297 2592 transferre
308 2532 520 2595 consueverat.
531 2531 728 2590 Deversioue
738 2548 840 2609 quan·

44 2610 127 2690 lavis
151 2625 241 2686 arte,
264 2635 301 2674 ac
322 2614 425 2675 studio
447 2610 754 2693 abadolescenribus
776 2608 842 2669 ela-

44 2692 160 2753 borota
193 2716 367 2778 numquam
397 2717 481 2758 eram
510 2708 695 2773 contentus3
729 2692 841 2775 ltaque

44 2778 145 2835 statui
167 2777 260 2838 nullo
281 2801 409 2864 parcere
424 2776 545 2840 labori:
570 2777 702 2860 Egomet
716 2775 843 2855 singulis

44 2857 156 2920 liebus
181 2860 337 2947 Torquati
360 2866 497 2923 carmina
520 2865 552 2921 in
575 2880 744 2921 sermonem
771 2858 845 2918 lati·

44 2963 120 3001 rum
145 2946 261 3006 stricta
276 2946 375 3007 modis
390 2958 510 3010 vertere
526 2945 723 3025 satagebam,
747 2961 846 3022 caque

49 3048 68 3084 n
93 3046 217 3086 versus
240 3043 415 3103 exametros
438 3027 564 3090 redacta
578 3028 618 3085 ob
632 3024 757 3086 illorum
772 3042 848 3081 oeu-

44 3110 83 3167 los
111 3108 348 3176 consideranda
362 3114 531 3199 ponebam.
548 3107 737 3194 Ilujusmodi
750 3104 852 3177 versis

624 3193 638 3222 ἱ

236 3404 510 3518 800000
