2175 3775
332 406 456 460 unna
476 400 653 460 'uncinus
869 382 939 485 aas?

492 548 525 601 35

92 629 176 687 Nube
197 640 263 680 cava
281 634 338 676 nun
354 620 428 675 visus
447 622 532 689 Eques
553 620 628 672 videt
646 622 734 673 omnia
755 622 855 678 eleum

135 701 300 754 Perlustrans
320 696 404 746 oculis
420 733 428 758 ,
447 696 542 759 Regem
563 694 720 759 exauditque
740 695 916 767 loquentem,

131 775 173 823 Ite
196 771 303 824 excelso
323 767 391 817 sulio
412 766 516 830 primus
530 765 574 829 qui
593 766 656 814 talia
678 766 763 816 fatur:
842 778 845 781 ’
890 822 894 828 ,

130 847 215 911 Lapsa
235 842 294 891 dies
313 838 433 903 equidem
452 835 634 899 ,dulcissima
651 855 713 886 eura
730 837 850 893 laborum

25 916 40 940 s
129 917 154 966 0
172 916 238 966 milii
259 913 313 973 iam
334 908 430 959 fractis
452 908 590 969 cunjuncti
609 907 637 957 in
655 910 731 959 rebus
751 914 848 978 amici,

15 975 16 980 ¹
126 989 213 1039 Marte
234 985 282 1036 sub
302 979 411 1033 adverso
432 978 513 1028 luerit
534 995 611 1045 quam
630 980 730 1047 perfida
747 1019 755 1046 ,
775 987 882 1050 nostine

127 1058 259 1124 Nullaque
275 1070 334 1120 spes
354 1051 449 1111 nubis,
464 1052 592 1115 rebusque
611 1051 763 1103 labantibus
782 1055 851 1106 ultra

126 1132 192 1186 Jam
209 1134 346 1199 superest,
366 1121 419 1172 uisi
437 1123 577 1242 prcqississis
597 1122 625 1171 in
643 1125 797 1193 Mentpheus
815 1128 908 1205 armis„

87 1268 149 1324 Sel
168 1285 226 1336 spes
244 1282 321 1335 quam
342 1264 426 1315 distat
443 1263 520 1329 longe
538 1280 553 1313 a
573 1262 695 1332 propiore
713 1263 835 1335 periclo,
881 1326 895 1331 ,Α

130 1342 186 1393 Vcs
203 1341 269 1389 bene
288 1339 372 1388 nostis
387 1352 403 1400 ‚·
423 1335 503 1385 arniei
521 1341 577 1384 tam
596 1337 662 1387 mihi
683 1337 787 1388 loedere
805 1334 931 1407 juncti}

131 1413 154 1465 F
158 1430 185 1463 as
203 1411 284 1476 igitur
302 1406 370 1458 duxi
388 1418 490 1457 tantum
511 1407 645 1473 appellare
665 1410 814 1474 Senatum,

130 1486 190 1547 Ut,
209 1484 288 1534 vubis
308 1478 427 1547 quaesit
446 1479 530 1527 utenti
551 1480 703 1544 sententia,
723 1482 835 1541 discam,
866 1478 869 1485 ’

130 1557 247 1608 Dixerat
263 1592 271 1618 ,
286 1560 313 1604 et
324 1566 449 1617 proceres
462 1550 561 1600 circum
573 1551 638 1616 vaga
649 1569 778 1603 murmura
792 1550 921 1620 misceul,

134 1627 197 1679 Non
218 1643 291 1676 secus
311 1639 341 1673 ac
360 1621 455 1671 fremit
474 1622 503 1673 in
523 1622 689 1686 sylvislevis
703 1630 766 1674 aur'a
776 1623 924 1692 pererratis.

131 1696 204 1752 Tum
223 1711 331 1764 surgens
353 1694 439 1760 Argus
460 1692 579 1753 audens,
603 1703 628 1743 et
646 1693 731 1747 fronte
753 1702 846 1747 Serena

131 1770 181 1826 His
200 1767 298 1820 mulcet
317 1765 401 1816 dictis
421 1764 528 1884 aniinqs
547 1801 554 1828 ,
572 1774 599 1814 et
617 1780 752 1820 murmura
771 1767 858 1823 sedat.

89 1919 151 1974 cur
166 1912 291 1980 Princeps
310 1907 435 1970 invicte,
457 1906 531 1968 jubes
553 1924 680 1962 renovare
700 1910 821 1965 dolorem

132 1983 296 2041 Infandum?
316 1979 395 2031 dietis
414 1995 460 2028 cur
479 1994 528 2028 nos
548 1981 672 2032 scrutaris
691 1982 811 2034 amaris?

132 2062 240 2116 Funera
260 2064 350 2105 nostra
367 2052 450 2101 latent
471 2066 602 2115 ecquem,
621 2053 744 2120 passique
763 2054 889 2109 laboresz

132 2130 194 2182 Nun
215 2144 283 2193 opus
301 2135 340 2175 est
358 2123 476 2190 linguis,
497 2122 542 2178 ubi
561 2139 617 2173 non
636 2121 727 2189 ignota
747 2125 872 2182 videntur

133 2201 173 2251 At
191 2198 296 2252 veniam
314 2212 413 2263 poseo:
434 2211 468 2243 ex
487 2193 566 2244 nobis
587 2212 696 2262 sperare
715 2199 827 2250 salutem

134 2273 189 2323 Fas
208 2279 266 2330 est;
286 2268 321 2318 sit
339 2266 425 2318 virtus
445 2265 521 2315 nobis
541 2266 720 2334 clypeusque,
736 2270 924 2341 levamenque,

131 2341 185 2393 Illa
204 2340 301 2389 timore
319 2334 411 2401 caret,
431 2352 479 2384 nec
498 2334 662 2388 detrimenta
680 2352 824 2408 reportat,

134 2413 192 2465 Nee
211 2411 294 2461 morti
314 2407 475 2477 parcendum
487 2439 496 2469 ,
505 2406 539 2528 8si
557 2408 635 2467 juvat
654 2408 692 2461 ire
711 2413 759 2462 sub
779 2414 896 2474 umbras.

89 2552 168 2607 Haec
187 2567 233 2619 egc
250 2550 326 2604 dieta
349 2551 424 2612 sero,
444 2566 498 2598 nou
519 2547 590 2615 quod
609 2563 701 2619 optata
719 2553 838 2612 faventis

136 2627 283 2692 Despereru
302 2625 402 2675 auxilia
422 2621 556 2690 AEgyptiz
577 2620 665 2677 Scelus
684 2643 739 2677 esse
758 2641 900 2702 putarem,

138 2696 178 2748 Nl
194 2695 274 2762 Regis
293 2697 420 2764 promissa
439 2696 492 2743 mei
510 2692 659 2747 certissima
679 2698 804 2754 haberem
815 2724 825 2769 3

139 2768 241 2833 Deque¹
252 2767 304 2818 fide
324 2767 447 2817 dubitare
465 2762 563 2827 nelas3
582 2763 628 2815 scd
647 2770 711 2821 talia
730 2771 811 2825 laudo

139 2838 189 2889 Est
207 2838 274 2888 milri
294 2855 367 2889 mens
386 2854 509 2891 revocare
531 2836 653 2905 animos,
672 2843 834 2916 fractamque
852 2836 926 2909 ciere

134 2910 270 2962 Virtutem
289 2911 318 2959 in
336 2911 447 2969 multis,
468 2919 619 2975 mentesque
638 2931 745 2970 movere
765 2918 882 2986 ferocem

135 2979 258 3045 Namque
277 2998 363 3049 opus,
383 2990 412 3030 ut
428 2981 524 3048 pariter
542 2978 662 3036 furtunae
680 2992 781 3058 spicula
800 2997 908 3066 cunuti,

138 3050 175 3105 Et
193 3063 305 3105 mertem
317 3050 416 3124 puriter
427 3060 551 3121 spernant
565 3077 741 3138 „petensque
760 3066 915 3139 triumpho„

14 817 21 850 l
