2175 3775
312 357 415 413 LIBER
432 358 601 417 DECIMUS.
823 363 874 413 223

39 574 86 628 lui
107 584 180 626 sorte
201 569 289 621 datum
309 587 355 639 prr
368 569 426 622 tela
445 572 565 625 so'nantia
582 573 634 625 iate
646 577 668 637 ,'

77 648 188 712 Perque
210 643 283 692 viros
295 678 303 707 ,
316 645 472 707 hastasque,
485 658 511 697 et
531 646 612 695 mults
631 644 759 712 grandine
774 645 891 710 nimbos
943 640 954 647 ’

78 718 205 777 Mortis,
226 714 372 774 insoessum
393 722 503 779 petere,
534 728 560 769 et
580 716 643 768 riure
662 728 735 781 terga
749 717 880 767 'frementi

80 786 392 853 Turbae,'animsmque
412 782 577 854 impendenti
597 788 744 837 subducere
761 788 846 841 lethu.

81 858 217 910 Omnibus
236 857 339 923 ignotus
359 875 404 926 per
424 858 560 927 inhospita
579 860 646 917 solus
665 859 796 926 aberrat,

79 928 265 993 proceditque
287 928 368 995 inagis
389 931 433 1051 pia
452 947 503 996 qua
522 931 624 981 deserta
645 930 790 991 mauebst;
812 934 818 940 “

80 1002 132 1052 vet
153 1017 221 1067 quae
241 1000 295 1052 ista
314 1002 390 1052 sinsu
418 1002 489 1067 ,vei
508 1020 574 1068 quse
595 1001 699 1055 fortuna
720 1001 837 1055 dedisset

78 1071 208 1140 Nescit,
226 1083 256 1135 ‚et
267 1073 391 1137 ¹incertus
409 1073 486 1129 vario
506 1075 546 1126 sic
565 1070 674 1131 fluctuat
692 1085 777 1129 aestu.

44 1213 193 1283 Denique,
211 1215 265 1266 Rex
285 1213 331 1267 ubi
348 1224 402 1265 tem
424 1215 517 1267 mutus
537 1216 678 1282 sciesque,
696 1214 849 1282 manusque'

81 1288 233 1356 Comparat
252 1286 384 1352 AEgypti,
404 1286 526 1339 deceruit
545 1285 652 1338 flectere
670 1302 798 1347 cursum,

82 1357 118 1410 Et
136 1359 215 1410 vires
234 1374 322 1411 seeum
341 1358 502 1419 conjungere
522 1395 529 1421 ‚
546 1371 572 1408 et
592 1375 664 1408 arma
685 1357 830 1421 vicissim,

83 1427 292 1496 Atqne'iterum
312 1428 386 1478 dubii
406 1435 508 1479 tentare
527 1430 647 1497 pericula
667 1429 783 1480 Martis:

83 1499 142 1551 Nec
156 1517 232 1551 mora
242 1499 443 1567 ;corripuitque
455 1500 525 1555 viem
537 1518 613 1566 quarn
632 1502 725 1551 semita
739 1507 885 1561 monstrat,
935 1537 939 1543 .

84 1569 224 1621 Perficere
241 1583 283 1622 est
303 1576 428 1635 suimus,
448 1570 578 1638 finemque
600 1574 736 1639 imponere
757 1572 867 1639 caeptis.

82 1640 144 1706 Ipse
163 1644 222 1694 viss
239 1646 346 1706 noscit,
365 1642 478 1694 duetore
497 1660 545 1697 ner
567 1644 667 1710 indiget
686 1644 758 1705 ullo,

84 1711 218 1783 Siccaque
236 1711 321 1769 ssectis
339 1715 388 1769 iter
411 1731 536 1785 praeceps
556 1717 589 1766 ad
608 1716 685 1767 litora
704 1717 803 1766 Gazae.

53 1851 86 1906 Et
102 1854 171 1910 iicet
194 1858 299 1926 insuper
319 1856 405 1911 acrius
423 1855 543 1920 insanire
563 1855 667 1910 dolores

88 1929 212 1994 Sentiat,
232 1942 258 1982 et
276 1931 325 1983 six
345 1930 463 1981 membre
482 1927 571 1981 trahat
588 1929 742 1996 languentia
760 1925 868 1996 plagis,

87 1998 173 2053 Arma
196 2009 283 2056 tamen
303 2003 402 2068 reiupit
419 2001 578 2064 dimittere,
597 2013 623 2053 et
642 2003 698 2053 otis
717 2004 788 2051 curis

88 2073 224 2138 Quaerere
240 2111 248 2137 ,
262 2092 356 2140 perque
370 2074 441 2124 diem
454 2072 524 2123 houd
540 2074 617 2135 jurat
637 2075 775 2140 indulgere
787 2067 885 2122 labori.

87 2142 140 2195 Ast
161 2145 210 2196 ubi
230 2146 357 2199 subducto
377 2146 534 2211 nigrescunt
553 2146 645 2197 omnia
664 2147 764 2204 circum

89 2214 178 2282 Soio,
201 2235 249 2284 per
268 2218 413 2268 immensas
433 2227 517 2268 terras
536 2228 672 2283 spargente
691 2218 814 2268 tenebras

92 2283 182 2339 Nocte
196 2299 288 2350 ,tenet
305 2289 426 2354 sonipem
442 2324 450 2350 ,
465 2298 491 2338 et
504 2289 660 2354 substringit
673 2290 786 2340 vulnera
800 2284 890 2345 vittiss

93 2353 161 2411 Inde
187 2359 276 2425 quatit
294 2360 410 2427 palmum
427 2394 435 2421 ,
455 2370 481 2478 bt
499 2359 599 2410 fructus
618 2359 738 2426 decerpit
757 2359 790 2408 sb
803 2356 870 2421 pitin.

59 2495 165 2566 Virque
185 2487 303 2553 refectus
321 2499 359 2550 eis
378 2503 449 2554 nuda
468 2496 562 2551 tellure
582 2499 741 2566 recumbit,

93 2570 130 2621 Et
149 2575 243 2639 clypeo
261 2583 340 2639 capnt
360 2572 482 2624 innitens
499 2570 562 2622 dure
582 2573 698 2623 membre
717 2570 802 2638 quieti

94 2639 194 2694 Fracta
210 2643 298 2700 labpre
317 2643 417 2709 nimis,
437 2645 569 2708 finemque
589 2644 726 2712 imponere
746 2644 816 2697 euris

97 2710 233 2765 Pertentat
250 2732 367 2779 somn03
390 2734 480 2769 serum
501 2714 577 2765 dolor
598 2719 685 2767 acrius
705 2717 781 2769 illuns

98 2779 268 2850 Excruciat3
288 2788 403 2841 strident
423 2790 577 2855 incorpore
598 2790 710 2841 vulnera
730 2790 802 2840 tissi

94 2854 209 2925 Insuper
230 2866 257 2909 es
277 2860 394 2911 strident
412 2861 507 2912 tristes
526 2861 553 2909 in
574 2874 680 2930 pectore
700 2878 777 2912 curae
794 2880 803 2924 3

96 2925 187 2977 Uritur
204 2928 298 2981 iniciis
317 2933 388 2981 euris
409 2932 600 2994 mordacibus,
621 2940 699 3000 atque

95 2992 234 3058 Diiaoissst
251 3011 344 3070 peetus
362 3001 522 3074 rabiesque,
542 3006 667 3073 dolorque
687 2995 819 3058 vicissim.
