<?xml version="1.0" encoding="UTF-8"?>
<!DOCTYPE html PUBLIC "-//W3C//DTD XHTML 1.0 Transitional//EN"
    "http://www.w3.org/TR/xhtml1/DTD/xhtml1-transitional.dtd">
<html xmlns="http://www.w3.org/1999/xhtml" xml:lang="en" lang="en">
 <head>
  <title>
</title>
<meta http-equiv="Content-Type" content="text/html;charset=utf-8" />
  <meta name='ocr-system' content='tesseract 3.04.00' />
  <meta name='ocr-capabilities' content='ocr_page ocr_carea ocr_par ocr_line ocrx_word'/>
</head>
<body>
  <div class='ocr_page' id='page_1' title='image "./torquatitassije00tassgoog_0325.png"; bbox 0 0 2175 3775; ppageno 0'>
   <div class='ocr_carea' id='block_1_1' title="bbox 312 395 621 457">
    <p class='ocr_par' dir='ltr' id='par_1_1' title="bbox 312 395 621 457">
     <span class='ocr_line' id='line_1_1' title="bbox 312 395 621 457; baseline 0.019 -6"><span class='ocrx_word' id='word_1_1' title='bbox 312 396 415 452; x_wconf 80' lang='lat' dir='ltr'>LIBER</span> <span class='ocrx_word' id='word_1_2' title='bbox 434 395 621 457; x_wconf 78' lang='lat' dir='ltr'><strong>SEPTIMUS.</strong></span> 
     </span>
    </p>
   </div>
   <div class='ocr_carea' id='block_1_2' title="bbox 43 555 887 2466">
    <p class='ocr_par' dir='ltr' id='par_1_2' title="bbox 43 555 887 2466">
     <span class='ocr_line' id='line_1_2' title="bbox 478 555 487 590; baseline 0 0"><span class='ocrx_word' id='word_1_3' title='bbox 478 555 487 590; x_wconf 88' lang='lat'>1</span> 
     </span>
     <span class='ocr_line' id='line_1_3' title="bbox 43 556 723 686; baseline -0.012 -14"><span class='ocrx_word' id='word_1_4' title='bbox 43 617 195 686; x_wconf 80' lang='lat' dir='ltr'><strong>Exceptum</strong></span> <span class='ocrx_word' id='word_1_5' title='bbox 214 627 359 684; x_wconf 78' lang='lat' dir='ltr'><strong>nomenque</strong></span> <span class='ocrx_word' id='word_1_6' title='bbox 378 609 430 666; x_wconf 81' lang='lat' dir='ltr'><strong>fuit</strong></span> <span class='ocrx_word' id='word_1_7' title='bbox 447 556 565 666; x_wconf 69' lang='lat' dir='ltr'><strong>ciamare</strong></span> <span class='ocrx_word' id='word_1_8' title='bbox 583 612 723 681; x_wconf 84' lang='lat' dir='ltr'><strong>secundo,</strong></span> 
     </span>
     <span class='ocr_line' id='line_1_4' title="bbox 79 683 877 758; baseline -0.001 -17"><span class='ocrx_word' id='word_1_9' title='bbox 79 690 168 741; x_wconf 82' lang='lat' dir='ltr'><strong>Ausus</strong></span> <span class='ocrx_word' id='word_1_10' title='bbox 187 684 317 738; x_wconf 82' lang='lat' dir='ltr'><strong>fortunam</strong></span> <span class='ocrx_word' id='word_1_11' title='bbox 335 683 476 736; x_wconf 84' lang='lat' dir='ltr'><strong>adversam</strong></span> <span class='ocrx_word' id='word_1_12' title='bbox 494 685 621 739; x_wconf 78' lang='lat' dir='ltr'><strong>incusare</strong></span> <span class='ocrx_word' id='word_1_13' title='bbox 641 701 691 737; x_wconf 86' lang='lat' dir='ltr'><strong>uec</strong></span> <span class='ocrx_word' id='word_1_14' title='bbox 712 683 790 739; x_wconf 88' lang='lat' dir='ltr'><strong>ullus.</strong></span> <span class='ocrx_word' id='word_1_15' title='bbox 872 749 877 758; x_wconf 23' lang='grc' dir='ltr'><em>ι</em></span> 
     </span>
     <span class='ocr_line' id='line_1_5' title="bbox 79 756 728 827; baseline -0.002 -15"><span class='ocrx_word' id='word_1_16' title='bbox 79 760 133 812; x_wconf 94' lang='lat' dir='ltr'><strong>Illa</strong></span> <span class='ocrx_word' id='word_1_17' title='bbox 151 773 219 812; x_wconf 84' lang='lat' dir='ltr'><strong>nova</strong></span> <span class='ocrx_word' id='word_1_18' title='bbox 237 756 321 808; x_wconf 81' lang='lat' dir='ltr'><strong>veluti</strong></span> <span class='ocrx_word' id='word_1_19' title='bbox 341 756 446 823; x_wconf 84' lang='lat' dir='ltr'><strong>plenam</strong></span> <span class='ocrx_word' id='word_1_20' title='bbox 464 756 567 809; x_wconf 85' lang='lat' dir='ltr'><strong>virtute</strong></span> <span class='ocrx_word' id='word_1_21' title='bbox 587 758 728 827; x_wconf 77' lang='lat' dir='ltr'><strong>superbam</strong></span> 
     </span>
     <span class='ocr_line' id='line_1_6' title="bbox 81 823 822 897; baseline 0.003 -14"><span class='ocrx_word' id='word_1_22' title='bbox 81 828 198 884; x_wconf 83' lang='lat' dir='ltr'><strong>Extollit</strong></span> <span class='ocrx_word' id='word_1_23' title='bbox 216 827 329 880; x_wconf 80' lang='lat' dir='ltr'><strong>frontem</strong></span> <span class='ocrx_word' id='word_1_24' title='bbox 340 845 349 889; x_wconf 87' lang='lat'>;</span> <span class='ocrx_word' id='word_1_25' title='bbox 369 826 533 897; x_wconf 85' lang='lat' dir='ltr'><strong>redeuntque</strong></span> <span class='ocrx_word' id='word_1_26' title='bbox 553 831 582 881; x_wconf 92' lang='lat' dir='ltr'><strong>in</strong></span> <span class='ocrx_word' id='word_1_27' title='bbox 604 845 713 897; x_wconf 86' lang='lat' dir='ltr'><strong>corpure</strong></span> <span class='ocrx_word' id='word_1_28' title='bbox 732 823 822 885; x_wconf 56' lang='lat' dir='ltr'><strong>rirest&#39;</strong></span> 
     </span>
     <span class='ocr_line' id='line_1_7' title="bbox 84 897 867 970; baseline 0.005 -20"><span class='ocrx_word' id='word_1_29' title='bbox 84 899 173 969; x_wconf 83' lang='lat' dir='ltr'><strong>Qualis</strong></span> <span class='ocrx_word' id='word_1_30' title='bbox 191 915 251 953; x_wconf 82' lang='lat' dir='ltr'><strong>rere</strong></span> <span class='ocrx_word' id='word_1_31' title='bbox 269 915 341 954; x_wconf 83' lang='lat' dir='ltr'><strong>noro</strong></span> <span class='ocrx_word' id='word_1_32' title='bbox 360 897 480 952; x_wconf 84' lang='lat' dir='ltr'><strong>subsole</strong></span> <span class='ocrx_word' id='word_1_33' title='bbox 500 900 653 955; x_wconf 74' lang='lat' dir='ltr'><strong>recentibus</strong></span> <span class='ocrx_word' id='word_1_34' title='bbox 672 905 768 970; x_wconf 79' lang='lat' dir='ltr'><strong>anguis</strong></span> <span class='ocrx_word' id='word_1_35' title='bbox 864 906 867 915; x_wconf 92' lang='grc'><strong>’</strong></span> 
     </span>
     <span class='ocr_line' id='line_1_8' title="bbox 81 969 783 1042; baseline 0.007 -20"><span class='ocrx_word' id='word_1_36' title='bbox 81 972 187 1022; x_wconf 77' lang='lat' dir='ltr'><strong>indutus</strong></span> <span class='ocrx_word' id='word_1_37' title='bbox 206 971 300 1042; x_wconf 86' lang='lat' dir='ltr'><strong>spoliis</strong></span> <span class='ocrx_word' id='word_1_38' title='bbox 319 970 402 1023; x_wconf 89' lang='lat' dir='ltr'><strong>micat</strong></span> <span class='ocrx_word' id='word_1_39' title='bbox 413 969 509 1037; x_wconf 67' lang='lat' dir='ltr'><strong>auro,</strong></span> <span class='ocrx_word' id='word_1_40' title='bbox 529 985 555 1025; x_wconf 87' lang='lat' dir='ltr'><strong>et</strong></span> <span class='ocrx_word' id='word_1_41' title='bbox 573 979 651 1041; x_wconf 79' lang='lat' dir='ltr'><strong>terga</strong></span> <span class='ocrx_word' id='word_1_42' title='bbox 670 975 783 1028; x_wconf 81' lang='lat' dir='ltr'><strong>volutat.</strong></span> 
     </span>
     <span class='ocr_line' id='line_1_9' title="bbox 82 1041 750 1114; baseline 0.007 -20"><span class='ocrx_word' id='word_1_43' title='bbox 82 1041 135 1095; x_wconf 84' lang='lat' dir='ltr'><strong>Sed</strong></span> <span class='ocrx_word' id='word_1_44' title='bbox 151 1043 213 1096; x_wconf 80' lang='lat' dir='ltr'><strong>Dux</strong></span> <span class='ocrx_word' id='word_1_45' title='bbox 231 1044 261 1095; x_wconf 87' lang='lat' dir='ltr'><strong>irr</strong></span> <span class='ocrx_word' id='word_1_46' title='bbox 281 1041 378 1114; x_wconf 88' lang='lat' dir='ltr'><strong>primis</strong></span> <span class='ocrx_word' id='word_1_47' title='bbox 395 1041 482 1094; x_wconf 84' lang='lat' dir='ltr'><strong>laetos</strong></span> <span class='ocrx_word' id='word_1_48' title='bbox 501 1043 626 1098; x_wconf 78' lang='lat' dir='ltr'><strong>attollere</strong></span> <span class='ocrx_word' id='word_1_49' title='bbox 644 1043 750 1113; x_wconf 85' lang='lat' dir='ltr'><strong>plausus</strong></span> 
     </span>
     <span class='ocr_line' id='line_1_10' title="bbox 80 1112 847 1189; baseline 0 -19"><span class='ocrx_word' id='word_1_50' title='bbox 80 1116 153 1171; x_wconf 85' lang='lat' dir='ltr'><strong>Voce</strong></span> <span class='ocrx_word' id='word_1_51' title='bbox 175 1113 286 1180; x_wconf 73' lang='lat' dir='ltr'><strong>studet,</strong></span> <span class='ocrx_word' id='word_1_52' title='bbox 304 1112 496 1182; x_wconf 72' lang='lat' dir='ltr'><strong>pertonuitque</strong></span> <span class='ocrx_word' id='word_1_53' title='bbox 514 1113 557 1168; x_wconf 89' lang='lat' dir='ltr'><strong>illi</strong></span> <span class='ocrx_word' id='word_1_54' title='bbox 574 1113 652 1168; x_wconf 85' lang='lat' dir='ltr'><strong>laude</strong></span> <span class='ocrx_word' id='word_1_55' title='bbox 671 1116 847 1189; x_wconf 80' lang='lat' dir='ltr'><strong>triumphum.</strong></span> 
     </span>
     <span class='ocr_line' id='line_1_11' title="bbox 474 1199 489 1236; baseline 0 0"><span class='ocrx_word' id='word_1_56' title='bbox 474 1199 489 1236; x_wconf 87' lang='lat'><em>2</em></span> 
     </span>
     <span class='ocr_line' id='line_1_12' title="bbox 49 1199 853 1326; baseline -0.001 -14"><span class='ocrx_word' id='word_1_57' title='bbox 49 1259 128 1312; x_wconf 77' lang='lat' dir='ltr'><strong>&#39;lunc</strong></span> <span class='ocrx_word' id='word_1_58' title='bbox 147 1253 266 1310; x_wconf 80' lang='lat' dir='ltr'><strong>homerio</strong></span> <span class='ocrx_word' id='word_1_59' title='bbox 282 1250 416 1324; x_wconf 88' lang='lat' dir='ltr'><strong>propriam</strong></span> <span class='ocrx_word' id='word_1_60' title='bbox 432 1199 533 1306; x_wconf 62' lang='lat' dir='ltr'><strong>Dirctor</strong></span> <span class='ocrx_word' id='word_1_61' title='bbox 551 1252 633 1307; x_wconf 89' lang='lat' dir='ltr'><strong>simul</strong></span> <span class='ocrx_word' id='word_1_62' title='bbox 651 1252 723 1308; x_wconf 79' lang='lat' dir='ltr'><strong>exuit</strong></span> <span class='ocrx_word' id='word_1_63' title='bbox 740 1274 853 1326; x_wconf 84' lang='lat' dir='ltr'><strong>ensem,</strong></span> 
     </span>
     <span class='ocr_line' id='line_1_13' title="bbox 83 1323 814 1394; baseline -0.003 -14"><span class='ocrx_word' id='word_1_64' title='bbox 83 1328 261 1394; x_wconf 85' lang='lat' dir='ltr'><strong>Porrexitque</strong></span> <span class='ocrx_word' id='word_1_65' title='bbox 280 1326 322 1378; x_wconf 89' lang='lat' dir='ltr'><strong>illi</strong></span> <span class='ocrx_word' id='word_1_66' title='bbox 340 1323 387 1377; x_wconf 84' lang='lat' dir='ltr'><strong>bus</strong></span> <span class='ocrx_word' id='word_1_67' title='bbox 405 1325 519 1377; x_wconf 83' lang='lat' dir='ltr'><strong>lundens</strong></span> <span class='ocrx_word' id='word_1_68' title='bbox 536 1324 569 1378; x_wconf 84' lang='lat' dir='ltr'><strong>tle</strong></span> <span class='ocrx_word' id='word_1_69' title='bbox 588 1331 695 1393; x_wconf 82' lang='lat' dir='ltr'><strong>pectore</strong></span> <span class='ocrx_word' id='word_1_70' title='bbox 712 1344 814 1388; x_wconf 80' lang='lat' dir='ltr'><strong>voees:</strong></span> 
     </span>
     <span class='ocr_line' id='line_1_14' title="bbox 83 1395 786 1468; baseline 0.003 -18"><span class='ocrx_word' id='word_1_71' title='bbox 83 1398 210 1468; x_wconf 79' lang='lat' dir='ltr'><strong>Accipe,</strong></span> <span class='ocrx_word' id='word_1_72' title='bbox 229 1414 306 1466; x_wconf 87' lang='lat' dir='ltr'><strong>quem</strong></span> <span class='ocrx_word' id='word_1_73' title='bbox 324 1395 395 1450; x_wconf 89' lang='lat' dir='ltr'><strong>bello</strong></span> <span class='ocrx_word' id='word_1_74' title='bbox 413 1396 547 1466; x_wconf 78' lang='lat' dir='ltr'><strong>quondam</strong></span> <span class='ocrx_word' id='word_1_75' title='bbox 567 1408 667 1465; x_wconf 78' lang='lat' dir='ltr'><strong>gestare</strong></span> <span class='ocrx_word' id='word_1_76' title='bbox 683 1397 786 1452; x_wconf 82' lang='lat' dir='ltr'><strong>solebat</strong></span> 
     </span>
     <span class='ocr_line' id='line_1_15' title="bbox 85 1465 822 1534; baseline -0.001 -12"><span class='ocrx_word' id='word_1_77' title='bbox 85 1471 217 1522; x_wconf 72' lang='lat' dir='ltr'><strong>Senoniae</strong></span> <span class='ocrx_word' id='word_1_78' title='bbox 236 1469 348 1534; x_wconf 83' lang='lat' dir='ltr'><strong>Gallus,</strong></span> <span class='ocrx_word' id='word_1_79' title='bbox 368 1465 427 1521; x_wconf 80' lang='lat' dir='ltr'><strong>oum</strong></span> <span class='ocrx_word' id='word_1_80' title='bbox 446 1467 555 1524; x_wconf 77' lang='lat' dir='ltr'><strong>duceret</strong></span> <span class='ocrx_word' id='word_1_81' title='bbox 575 1486 671 1533; x_wconf 82' lang='lat' dir='ltr'><strong>arma,</strong></span> <span class='ocrx_word' id='word_1_82' title='bbox 691 1469 822 1532; x_wconf 84' lang='lat' dir='ltr'><strong>rebellis,</strong></span> 
     </span>
     <span class='ocr_line' id='line_1_16' title="bbox 86 1539 883 1610; baseline 0.005 -19"><span class='ocrx_word' id='word_1_83' title='bbox 86 1541 223 1609; x_wconf 85' lang='lat' dir='ltr'><strong>Quemque</strong></span> <span class='ocrx_word' id='word_1_84' title='bbox 237 1545 341 1610; x_wconf 80' lang='lat' dir='ltr'><strong>egomet</strong></span> <span class='ocrx_word' id='word_1_85' title='bbox 353 1539 474 1593; x_wconf 83' lang='lat' dir='ltr'><strong>munibus</strong></span> <span class='ocrx_word' id='word_1_86' title='bbox 487 1540 582 1608; x_wconf 88' lang='lat' dir='ltr'><strong>rapui,</strong></span> <span class='ocrx_word' id='word_1_87' title='bbox 597 1540 733 1608; x_wconf 87' lang='lat' dir='ltr'><strong>multoque</strong></span> <span class='ocrx_word' id='word_1_88' title='bbox 743 1543 883 1597; x_wconf 84' lang='lat' dir='ltr'><strong>scelestam</strong></span> 
     </span>
     <span class='ocr_line' id='line_1_17' title="bbox 87 1611 771 1683; baseline 0.001 -18"><span class='ocrx_word' id='word_1_89' title='bbox 87 1613 207 1665; x_wconf 87' lang='lat' dir='ltr'><strong>Crimine</strong></span> <span class='ocrx_word' id='word_1_90' title='bbox 225 1612 313 1681; x_wconf 86' lang='lat' dir='ltr'><strong>dirupi</strong></span> <span class='ocrx_word' id='word_1_91' title='bbox 332 1611 435 1677; x_wconf 81' lang='lat' dir='ltr'><strong>vitam,</strong></span> <span class='ocrx_word' id='word_1_92' title='bbox 454 1617 482 1665; x_wconf 90' lang='lat' dir='ltr'><strong>et</strong></span> <span class='ocrx_word' id='word_1_93' title='bbox 499 1613 547 1663; x_wconf 86' lang='lat' dir='ltr'><strong>sub</strong></span> <span class='ocrx_word' id='word_1_94' title='bbox 565 1618 672 1665; x_wconf 86' lang='lat' dir='ltr'><strong>tartara</strong></span> <span class='ocrx_word' id='word_1_95' title='bbox 689 1615 771 1683; x_wconf 88' lang='lat' dir='ltr'><strong>misi,</strong></span> 
     </span>
     <span class='ocr_line' id='line_1_18' title="bbox 86 1683 709 1752; baseline 0 -17"><span class='ocrx_word' id='word_1_96' title='bbox 86 1684 209 1750; x_wconf 79' lang='lat' dir='ltr'><strong>Ensem,</strong></span> <span class='ocrx_word' id='word_1_97' title='bbox 229 1699 280 1752; x_wconf 88' lang='lat' dir='ltr'><strong>quo</strong></span> <span class='ocrx_word' id='word_1_98' title='bbox 299 1685 380 1736; x_wconf 86' lang='lat' dir='ltr'><strong>toties</strong></span> <span class='ocrx_word' id='word_1_99' title='bbox 400 1683 473 1735; x_wconf 85' lang='lat' dir='ltr'><strong>erasi</strong></span> <span class='ocrx_word' id='word_1_100' title='bbox 490 1684 597 1747; x_wconf 77' lang='lat' dir='ltr'><strong>vietor,</strong></span> <span class='ocrx_word' id='word_1_101' title='bbox 615 1684 709 1735; x_wconf 85' lang='lat' dir='ltr'><strong>eodem</strong></span> 
     </span>
     <span class='ocr_line' id='line_1_19' title="bbox 86 1751 885 1826; baseline 0.001 -19"><span class='ocrx_word' id='word_1_102' title='bbox 86 1756 172 1808; x_wconf 84' lang='lat' dir='ltr'><strong>Utere</strong></span> <span class='ocrx_word' id='word_1_103' title='bbox 182 1774 191 1819; x_wconf 74' lang='lat'>5</span> <span class='ocrx_word' id='word_1_104' title='bbox 210 1755 244 1808; x_wconf 87' lang='lat' dir='ltr'><strong>sit</strong></span> <span class='ocrx_word' id='word_1_105' title='bbox 261 1754 327 1808; x_wconf 80' lang='lat' dir='ltr'><strong>felix</strong></span> <span class='ocrx_word' id='word_1_106' title='bbox 346 1758 402 1821; x_wconf 80' lang='lat' dir='ltr'><strong>jam</strong></span> <span class='ocrx_word' id='word_1_107' title='bbox 421 1771 513 1821; x_wconf 80' lang='lat' dir='ltr'><strong>nuuc,</strong></span> <span class='ocrx_word' id='word_1_108' title='bbox 535 1753 686 1822; x_wconf 79' lang='lat' dir='ltr'><strong>referatque</strong></span> <span class='ocrx_word' id='word_1_109' title='bbox 700 1751 885 1826; x_wconf 44' lang='lat' dir='ltr'><strong>‘triumphum</strong></span> 
     </span>
     <span class='ocr_line' id='line_1_20' title="bbox 52 1842 789 1968; baseline -0.001 -19"><span class='ocrx_word' id='word_1_110' title='bbox 52 1898 194 1966; x_wconf 76' lang='lat' dir='ltr'><strong>Temporis</strong></span> <span class='ocrx_word' id='word_1_111' title='bbox 213 1895 316 1949; x_wconf 83' lang='lat' dir='ltr'><strong>interea</strong></span> <span class='ocrx_word' id='word_1_112' title='bbox 334 1842 474 1967; x_wconf 62' lang='lat' dir='ltr'><strong>impatietis</strong></span> <span class='ocrx_word' id='word_1_113' title='bbox 494 1896 585 1949; x_wconf 82' lang='lat' dir='ltr'><strong>fremit</strong></span> <span class='ocrx_word' id='word_1_114' title='bbox 601 1895 647 1951; x_wconf 90' lang='lat' dir='ltr'><strong>ille</strong></span> <span class='ocrx_word' id='word_1_115' title='bbox 666 1896 789 1968; x_wconf 77' lang='lat' dir='ltr'><strong>superbus</strong></span> 
     </span>
     <span class='ocr_line' id='line_1_21' title="bbox 85 1968 854 2038; baseline -0.003 -18"><span class='ocrx_word' id='word_1_116' title='bbox 85 1970 174 2036; x_wconf 86' lang='lat' dir='ltr'><strong>Atque</strong></span> <span class='ocrx_word' id='word_1_117' title='bbox 192 1968 272 2030; x_wconf 79' lang='lat' dir='ltr'><strong>resinis</strong></span> <span class='ocrx_word' id='word_1_118' title='bbox 292 1968 385 2022; x_wconf 84' lang='lat' dir='ltr'><strong>Gallos</strong></span> <span class='ocrx_word' id='word_1_119' title='bbox 403 1969 532 2038; x_wconf 81' lang='lat' dir='ltr'><strong>petulanti</strong></span> <span class='ocrx_word' id='word_1_120' title='bbox 552 1985 621 2023; x_wconf 77' lang='lat' dir='ltr'><strong>voce</strong></span> <span class='ocrx_word' id='word_1_121' title='bbox 639 1970 757 2022; x_wconf 85' lang='lat' dir='ltr'><strong>lacessit.</strong></span> <span class='ocrx_word' id='word_1_122' title='bbox 849 1988 854 1998; x_wconf 91' lang='lat'>·</span> 
     </span>
     <span class='ocr_line' id='line_1_22' title="bbox 86 2039 817 2110; baseline -0.001 -18"><span class='ocrx_word' id='word_1_123' title='bbox 86 2043 142 2093; x_wconf 86' lang='lat' dir='ltr'><strong>Heu</strong></span> <span class='ocrx_word' id='word_1_124' title='bbox 163 2055 241 2109; x_wconf 79' lang='lat' dir='ltr'><strong>genus</strong></span> <span class='ocrx_word' id='word_1_125' title='bbox 260 2039 405 2108; x_wconf 79' lang='lat' dir='ltr'><strong>Europae,</strong></span> <span class='ocrx_word' id='word_1_126' title='bbox 424 2057 504 2110; x_wconf 79' lang='lat' dir='ltr'><strong>genus</strong></span> <span class='ocrx_word' id='word_1_127' title='bbox 521 2039 702 2110; x_wconf 75' lang='lat' dir='ltr'><strong>insuperabile</strong></span> <span class='ocrx_word' id='word_1_128' title='bbox 721 2040 793 2091; x_wconf 83' lang='lat' dir='ltr'><strong>bello</strong></span> <span class='ocrx_word' id='word_1_129' title='bbox 806 2060 817 2103; x_wconf 81' lang='lat'><strong>‚·</strong></span> 
     </span>
     <span class='ocr_line' id='line_1_23' title="bbox 87 2110 796 2179; baseline 0.001 -15"><span class='ocrx_word' id='word_1_130' title='bbox 87 2113 216 2168; x_wconf 83' lang='lat' dir='ltr'><strong>Provocat</strong></span> <span class='ocrx_word' id='word_1_131' title='bbox 234 2110 267 2161; x_wconf 85' lang='lat' dir='ltr'><strong>ad</strong></span> <span class='ocrx_word' id='word_1_132' title='bbox 285 2128 398 2179; x_wconf 82' lang='lat' dir='ltr'><strong>pugnam</strong></span> <span class='ocrx_word' id='word_1_133' title='bbox 416 2112 492 2167; x_wconf 90' lang='lat' dir='ltr'><strong>miles</strong></span> <span class='ocrx_word' id='word_1_134' title='bbox 511 2128 563 2165; x_wconf 82' lang='lat' dir='ltr'><strong>vos</strong></span> <span class='ocrx_word' id='word_1_135' title='bbox 581 2113 672 2166; x_wconf 87' lang='lat' dir='ltr'><strong>unicus</strong></span> <span class='ocrx_word' id='word_1_136' title='bbox 693 2128 796 2165; x_wconf 85' lang='lat' dir='ltr'><strong>omnes.</strong></span> 
     </span>
     <span class='ocr_line' id='line_1_24' title="bbox 88 2182 815 2252; baseline -0.001 -16"><span class='ocrx_word' id='word_1_137' title='bbox 88 2182 242 2236; x_wconf 82' lang='lat' dir='ltr'><strong>Tanererlus</strong></span> <span class='ocrx_word' id='word_1_138' title='bbox 260 2183 372 2248; x_wconf 83' lang='lat' dir='ltr'><strong>veniat,</strong></span> <span class='ocrx_word' id='word_1_139' title='bbox 392 2184 469 2237; x_wconf 80' lang='lat' dir='ltr'><strong>vinci</strong></span> <span class='ocrx_word' id='word_1_140' title='bbox 487 2185 534 2252; x_wconf 90' lang='lat' dir='ltr'><strong>qui</strong></span> <span class='ocrx_word' id='word_1_141' title='bbox 552 2185 659 2240; x_wconf 87' lang='lat' dir='ltr'><strong>nescius</strong></span> <span class='ocrx_word' id='word_1_142' title='bbox 677 2196 746 2237; x_wconf 80' lang='lat' dir='ltr'><strong>esse&#39;</strong></span> <span class='ocrx_word' id='word_1_143' title='bbox 812 2196 815 2203; x_wconf 69' lang='grc'><strong><em>’</em></strong></span> 
     </span>
     <span class='ocr_line' id='line_1_25' title="bbox 71 2254 804 2324; baseline 0.001 -16"><span class='ocrx_word' id='word_1_144' title='bbox 71 2254 238 2320; x_wconf 60' lang='grc' dir='ltr'><strong>’Βειιεεῑιιῃ</strong></span> <span class='ocrx_word' id='word_1_145' title='bbox 257 2260 398 2324; x_wconf 82' lang='lat' dir='ltr'><strong>pateatque</strong></span> <span class='ocrx_word' id='word_1_146' title='bbox 415 2272 461 2309; x_wconf 87' lang='lat' dir='ltr'><strong>sua</strong></span> <span class='ocrx_word' id='word_1_147' title='bbox 482 2257 513 2310; x_wconf 88' lang='lat' dir='ltr'><strong>in</strong></span> <span class='ocrx_word' id='word_1_148' title='bbox 532 2255 680 2308; x_wconf 77' lang='lat' dir='ltr'><strong>certamine</strong></span> <span class='ocrx_word' id='word_1_149' title='bbox 699 2257 785 2318; x_wconf 75' lang='lat' dir='ltr'><strong>virtus</strong></span> <span class='ocrx_word' id='word_1_150' title='bbox 795 2275 804 2320; x_wconf 81' lang='lat'><em>3</em></span> 
     </span>
     <span class='ocr_line' id='line_1_26' title="bbox 86 2326 765 2395; baseline 0 -16"><span class='ocrx_word' id='word_1_151' title='bbox 86 2326 216 2380; x_wconf 82' lang='lat' dir='ltr'><strong>Forsitan</strong></span> <span class='ocrx_word' id='word_1_152' title='bbox 234 2336 355 2395; x_wconf 83' lang='lat' dir='ltr'><strong>expectat</strong></span> <span class='ocrx_word' id='word_1_153' title='bbox 372 2326 487 2380; x_wconf 87' lang='lat' dir='ltr'><strong>thalamo</strong></span> <span class='ocrx_word' id='word_1_154' title='bbox 506 2328 641 2387; x_wconf 77' lang='lat' dir='ltr'><strong>revoluttrs</strong></span> <span class='ocrx_word' id='word_1_155' title='bbox 660 2327 765 2393; x_wconf 84' lang='lat' dir='ltr'><strong>inerti,</strong></span> 
     </span>
     <span class='ocr_line' id='line_1_27' title="bbox 86 2391 887 2466; baseline -0.006 -13"><span class='ocrx_word' id='word_1_156' title='bbox 86 2399 126 2453; x_wconf 84' lang='lat' dir='ltr'><strong>Ut</strong></span> <span class='ocrx_word' id='word_1_157' title='bbox 142 2400 235 2464; x_wconf 84' lang='lat' dir='ltr'><strong>semel,</strong></span> <span class='ocrx_word' id='word_1_158' title='bbox 245 2409 321 2466; x_wconf 84' lang='lat' dir='ltr'><strong>atque</strong></span> <span class='ocrx_word' id='word_1_159' title='bbox 340 2396 438 2452; x_wconf 82' lang='lat' dir='ltr'><strong>iterum</strong></span> <span class='ocrx_word' id='word_1_160' title='bbox 455 2398 573 2451; x_wconf 83' lang='lat' dir='ltr'><strong>tenebris</strong></span> <span class='ocrx_word' id='word_1_161' title='bbox 590 2415 644 2459; x_wconf 78' lang='lat' dir='ltr'><strong>nox</strong></span> <span class='ocrx_word' id='word_1_162' title='bbox 662 2398 776 2460; x_wconf 79' lang='lat' dir='ltr'><strong>adjuvet</strong></span> <span class='ocrx_word' id='word_1_163' title='bbox 787 2391 887 2452; x_wconf 75' lang='lat' dir='ltr'><strong>illum?</strong></span> 
     </span>
    </p>
   </div>
   <div class='ocr_carea' id='block_1_3' title="bbox 54 2537 799 2609">
    <p class='ocr_par' dir='ltr' id='par_1_3' title="bbox 54 2537 799 2609">
     <span class='ocr_line' id='line_1_28' title="bbox 54 2537 799 2609; baseline -0.001 -18"><span class='ocrx_word' id='word_1_164' title='bbox 54 2539 84 2592; x_wconf 85' lang='lat' dir='ltr'><strong>Si</strong></span> <span class='ocrx_word' id='word_1_165' title='bbox 102 2548 184 2608; x_wconf 82' lang='lat' dir='ltr'><strong>paret</strong></span> <span class='ocrx_word' id='word_1_166' title='bbox 203 2540 248 2595; x_wconf 90' lang='lat' dir='ltr'><strong>ille</strong></span> <span class='ocrx_word' id='word_1_167' title='bbox 266 2550 338 2593; x_wconf 88' lang='lat' dir='ltr'><strong>meto</strong></span> <span class='ocrx_word' id='word_1_168' title='bbox 355 2576 365 2609; x_wconf 80' lang='lat'>‚</span> <span class='ocrx_word' id='word_1_169' title='bbox 384 2540 496 2596; x_wconf 82' lang='lat' dir='ltr'><strong>veniant</strong></span> <span class='ocrx_word' id='word_1_170' title='bbox 513 2539 588 2596; x_wconf 82' lang='lat' dir='ltr'><strong>rclut</strong></span> <span class='ocrx_word' id='word_1_171' title='bbox 604 2537 709 2608; x_wconf 78' lang='lat' dir='ltr'><strong>agmine</strong></span> <span class='ocrx_word' id='word_1_172' title='bbox 726 2538 799 2592; x_wconf 80' lang='lat' dir='ltr'><strong>facto</strong></span> 
     </span>
    </p>
   </div>
   <div class='ocr_carea' id='block_1_4' title="bbox 87 2609 994 2682">
    <p class='ocr_par' dir='ltr' id='par_1_4' title="bbox 87 2609 994 2682">
     <span class='ocr_line' id='line_1_29' title="bbox 87 2609 994 2682; baseline 0.002 -18"><span class='ocrx_word' id='word_1_173' title='bbox 87 2612 178 2665; x_wconf 86' lang='lat' dir='ltr'><strong>Vestri</strong></span> <span class='ocrx_word' id='word_1_174' title='bbox 185 2611 297 2681; x_wconf 82' lang='lat' dir='ltr'><strong>equites,</strong></span> <span class='ocrx_word' id='word_1_175' title='bbox 303 2612 458 2681; x_wconf 86' lang='lat' dir='ltr'><strong>peditesque</strong></span> <span class='ocrx_word' id='word_1_176' title='bbox 467 2609 521 2669; x_wconf 88' lang='lat' dir='ltr'><strong>viri</strong></span> <span class='ocrx_word' id='word_1_177' title='bbox 533 2610 630 2678; x_wconf 82' lang='lat' dir='ltr'><strong>simul,</strong></span> <span class='ocrx_word' id='word_1_178' title='bbox 644 2612 760 2682; x_wconf 81' lang='lat' dir='ltr'><strong>undique</strong></span> <span class='ocrx_word' id='word_1_179' title='bbox 773 2621 886 2678; x_wconf 73' lang='lat' dir='ltr'><strong>turmae3</strong></span> <span class='ocrx_word' id='word_1_180' title='bbox 986 2634 994 2645; x_wconf 71' lang='lat'>=</span> 
     </span>
    </p>
   </div>
   <div class='ocr_carea' id='block_1_5' title="bbox 22 2682 890 3045">
    <p class='ocr_par' dir='ltr' id='par_1_5' title="bbox 22 2682 890 3045">
     <span class='ocr_line' id='line_1_30' title="bbox 87 2682 852 2753; baseline 0.003 -18"><span class='ocrx_word' id='word_1_181' title='bbox 87 2682 184 2737; x_wconf 78' lang='lat' dir='ltr'><strong>Nullus</strong></span> <span class='ocrx_word' id='word_1_182' title='bbox 203 2684 294 2750; x_wconf 86' lang='lat' dir='ltr'><strong>enim,</strong></span> <span class='ocrx_word' id='word_1_183' title='bbox 314 2700 418 2736; x_wconf 88' lang='lat' dir='ltr'><strong>mecum</strong></span> <span class='ocrx_word' id='word_1_184' title='bbox 436 2682 482 2751; x_wconf 88' lang='lat' dir='ltr'><strong>qui</strong></span> <span class='ocrx_word' id='word_1_185' title='bbox 499 2682 639 2745; x_wconf 75' lang='lat' dir='ltr'><strong>decertare</strong></span> <span class='ocrx_word' id='word_1_186' title='bbox 657 2700 770 2738; x_wconf 84' lang='lat' dir='ltr'><strong>scorsum</strong></span> <span class='ocrx_word' id='word_1_187' title='bbox 850 2746 852 2753; x_wconf 12' lang='lat' dir='ltr'><strong>b</strong></span> 
     </span>
     <span class='ocr_line' id='line_1_31' title="bbox 25 2752 814 2823; baseline 0.004 -17"><span class='ocrx_word' id='word_1_188' title='bbox 25 2814 28 2823; x_wconf 69' lang='lat'>‚</span> <span class='ocrx_word' id='word_1_189' title='bbox 88 2752 216 2822; x_wconf 63' lang='lat' dir='ltr'><strong>Moesi,</strong></span> <span class='ocrx_word' id='word_1_190' title='bbox 235 2774 249 2809; x_wconf 91' lang='lat' dir='ltr'><strong>e</strong></span> <span class='ocrx_word' id='word_1_191' title='bbox 269 2773 287 2810; x_wconf 84' lang='lat' dir='ltr'>v</span> <span class='ocrx_word' id='word_1_192' title='bbox 307 2756 348 2808; x_wconf 88' lang='lat' dir='ltr'><strong>bis</strong></span> <span class='ocrx_word' id='word_1_193' title='bbox 366 2754 399 2808; x_wconf 86' lang='lat' dir='ltr'><strong>de</strong></span> <span class='ocrx_word' id='word_1_194' title='bbox 417 2761 460 2807; x_wconf 91' lang='lat' dir='ltr'><strong>tot</strong></span> <span class='ocrx_word' id='word_1_195' title='bbox 475 2755 556 2809; x_wconf 78' lang='lat' dir='ltr'><strong>modo</strong></span> <span class='ocrx_word' id='word_1_196' title='bbox 573 2755 712 2822; x_wconf 82' lang='lat' dir='ltr'><strong>millibus,</strong></span> <span class='ocrx_word' id='word_1_197' title='bbox 732 2762 814 2810; x_wconf 76' lang='lat' dir='ltr'><strong>extat</strong></span> 
     </span>
     <span class='ocr_line' id='line_1_32' title="bbox 89 2773 890 2951; baseline 0.005 -73"><span class='ocrx_word' id='word_1_198' title='bbox 89 2826 134 2878; x_wconf 80' lang='lat' dir='ltr'><strong>En</strong></span> <span class='ocrx_word' id='word_1_199' title='bbox 152 2829 238 2892; x_wconf 82' lang='lat' dir='ltr'><strong>urbs;</strong></span> <span class='ocrx_word' id='word_1_200' title='bbox 268 2773 443 2951; x_wconf 39' lang='lat' dir='ltr'><strong>&amp;tumulus</strong></span> <span class='ocrx_word' id='word_1_201' title='bbox 455 2862 464 2891; x_wconf 87' lang='lat'>,</span> <span class='ocrx_word' id='word_1_202' title='bbox 477 2844 534 2897; x_wconf 83' lang='lat' dir='ltr'><strong>quo</strong></span> <span class='ocrx_word' id='word_1_203' title='bbox 553 2827 664 2898; x_wconf 77' lang='lat' dir='ltr'><strong>virginis</strong></span> <span class='ocrx_word' id='word_1_204' title='bbox 683 2827 782 2899; x_wconf 83' lang='lat' dir='ltr'><strong>inclyta</strong></span> <span class='ocrx_word' id='word_1_205' title='bbox 801 2830 890 2900; x_wconf 81' lang='lat' dir='ltr'><strong>proles</strong></span> 
     </span>
     <span class='ocr_line' id='line_1_33' title="bbox 22 2895 798 2971; baseline 0.005 -25"><span class='ocrx_word' id='word_1_206' title='bbox 22 2942 30 2971; x_wconf 71' lang='lat' dir='ltr'><strong>e</strong></span> <span class='ocrx_word' id='word_1_207' title='bbox 91 2895 249 2963; x_wconf 77' lang='lat' dir='ltr'><strong>Accuboit3</strong></span> <span class='ocrx_word' id='word_1_208' title='bbox 308 2900 434 2952; x_wconf 81' lang='lat' dir='ltr'><strong>r&#39;eelssm</strong></span> <span class='ocrx_word' id='word_1_209' title='bbox 452 2916 508 2955; x_wconf 85' lang='lat' dir='ltr'><strong>uon</strong></span> <span class='ocrx_word' id='word_1_210' title='bbox 527 2899 672 2955; x_wconf 80' lang='lat' dir='ltr'><strong>ascenditis</strong></span> <span class='ocrx_word' id='word_1_211' title='bbox 691 2901 798 2956; x_wconf 77' lang='lat' dir='ltr'><strong>arcem?</strong></span> 
     </span>
     <span class='ocr_line' id='line_1_34' title="bbox 23 2967 839 3045; baseline 0.009 -28"><span class='ocrx_word' id='word_1_212' title='bbox 23 2970 31 3029; x_wconf 53' lang='lat' dir='ltr'>g</span> <span class='ocrx_word' id='word_1_213' title='bbox 90 2967 176 3023; x_wconf 81' lang='lat' dir='ltr'><strong>Plana</strong></span> <span class='ocrx_word' id='word_1_214' title='bbox 194 2970 239 3026; x_wconf 81' lang='lat' dir='ltr'><strong>ria</strong></span> <span class='ocrx_word' id='word_1_215' title='bbox 258 2981 315 3023; x_wconf 84' lang='lat' dir='ltr'><strong>est:</strong></span> <span class='ocrx_word' id='word_1_216' title='bbox 334 2985 380 3023; x_wconf 86' lang='lat' dir='ltr'><strong>cur</strong></span> <span class='ocrx_word' id='word_1_217' title='bbox 396 2987 451 3023; x_wconf 89' lang='lat' dir='ltr'><strong>non</strong></span> <span class='ocrx_word' id='word_1_218' title='bbox 467 2975 612 3045; x_wconf 84' lang='lat' dir='ltr'><strong>properatis</strong></span> <span class='ocrx_word' id='word_1_219' title='bbox 631 2972 739 3028; x_wconf 80' lang='lat' dir='ltr'><strong>solvere</strong></span> <span class='ocrx_word' id='word_1_220' title='bbox 750 2967 839 3026; x_wconf 68' lang='lat' dir='ltr'><strong>vota?</strong></span> 
     </span>
    </p>
   </div>
   <div class='ocr_carea' id='block_1_6' title="bbox 22 3028 748 3149">
    <p class='ocr_par' dir='ltr' id='par_1_6' title="bbox 22 3028 748 3149">
     <span class='ocr_line' id='line_1_35' title="bbox 22 3028 748 3149; baseline -0.023 -38"><span class='ocrx_word' id='word_1_221' title='bbox 22 3028 32 3132; x_wconf 57' lang='grc' dir='ltr'><strong>ἴ,</strong></span> <span class='ocrx_word' id='word_1_222' title='bbox 89 3036 214 3108; x_wconf 77' lang='lat' dir='ltr'><strong>Serqatis</strong></span> <span class='ocrx_word' id='word_1_223' title='bbox 232 3038 328 3098; x_wconf 76' lang='lat' dir='ltr'><strong>ferrum</strong></span> <span class='ocrx_word' id='word_1_224' title='bbox 345 3043 374 3097; x_wconf 88' lang='lat' dir='ltr'><strong>in</strong></span> <span class='ocrx_word' id='word_1_225' title='bbox 392 3042 519 3102; x_wconf 83' lang='lat' dir='ltr'><strong>meliores</strong></span> <span class='ocrx_word' id='word_1_226' title='bbox 530 3045 644 3104; x_wconf 82' lang='lat' dir='ltr'><strong>forsitan</strong></span> <span class='ocrx_word' id='word_1_227' title='bbox 662 3043 748 3149; x_wconf 64' lang='lat' dir='ltr'><strong>ipsust</strong></span> 
     </span>
    </p>
   </div>
   <div class='ocr_carea' id='block_1_7' title="bbox 0 0 1110 3775">
    <p class='ocr_par' dir='ltr' id='par_1_7' title="bbox 0 0 1110 3775">
     <span class='ocr_line' id='line_1_36' title="bbox 0 0 1110 3775; baseline 0 0"><span class='ocrx_word' id='word_1_228' title='bbox 0 0 1110 3775; x_wconf 95' lang='lat' dir='ltr'><strong> </strong></span> 
     </span>
    </p>
   </div>
  </div>
 </body>
</html>
